@book{Barbu_2020,
  title={Monte Carlo Methods},
  author={Barbu, A. and Zhu, S.C.},
  isbn={9789811329708},
  url={https://books.google.de/books?id=0k\_PuwEACAAJ},
  year={2020},
  publisher={Springer Singapore}
}

@INPROCEEDINGS{Rana_2022,  author={Rana, Misha and Kumar, Nimesh and Sharma, Himanshi and Pandey, Kavita},  booktitle={2022 1st International Conference on Informatics (ICI)},   title={Effect of Hyper-Parameter Tuning on the Performance of Augmented Random Search},   year={2022},  volume={},  number={},  pages={47-52},  doi={10.1109/ICI53355.2022.9786888}}

@inbook{Czech_2017, place={Cambridge}, title={Concurrent Processes}, DOI={10.1017/9781316795835.002}, booktitle={Introduction to Parallel Computing}, publisher={Cambridge University Press}, author={Czech, Zbigniew J.}, year={2017}, pages={1–34}}

@Webpage{rdocumentation,  url={https://www.rdocumentation.org/packages/base/versions/3.6.2/topics/cat},  title={cat: Concatenate and Print
},  author={DataCamp},  year=,  lastchecked={}}
